@article{Su:2009:SCF:1592474.1722966,
 author = {Su, Xiaoyuan and Khoshgoftaar, Taghi M.},
 title = {A Survey of Collaborative Filtering Techniques},
 journal = {Adv. in Artif. Intell.},
 issue_date = {January 2009},
 volume = {2009},
 month = jan,
 year = {2009},
 issn = {1687-7470},
 pages = {4:2--4:2},
 articleno = {4},
 numpages = {1},
 url = {http://dx.doi.org/10.1155/2009/421425},
 doi = {10.1155/2009/421425},
 acmid = {1722966},
 publisher = {Hindawi Publishing Corp.},
 address = {New York, NY, United States},
}

@article{jafarkarimi2012naive,
  title={A naive recommendation model for large databases},
  author={Jafarkarimi, Hosein and Sim, Alex Tze Hiang and Saadatdoost, Robab},
  journal={International Journal of Information and Education Technology},
  volume={2},
  number={3},
  pages={216},
  year={2012},
  publisher={IACSIT Press}
}
@article{takacs2009scalable,
  title={Scalable collaborative filtering approaches for large recommender systems},
  author={Tak{\'a}cs, G{\'a}bor and Pil{\'a}szy, Istv{\'a}n and N{\'e}meth, Botty{\'a}n and Tikk, Domonkos},
  journal={Journal of machine learning research},
  volume={10},
  number={Mar},
  pages={623--656},
  year={2009}
}
@inproceedings{breese1998empirical,
  title={Empirical analysis of predictive algorithms for collaborative filtering},
  author={Breese, John S and Heckerman, David and Kadie, Carl},
  booktitle={Proceedings of the Fourteenth conference on Uncertainty in artificial intelligence},
  pages={43--52},
  year={1998},
  organization={Morgan Kaufmann Publishers Inc.}
}
@article{su2009survey,
  title={A survey of collaborative filtering techniques},
  author={Su, Xiaoyuan and Khoshgoftaar, Taghi M},
  journal={Advances in artificial intelligence},
  volume={2009},
  year={2009},
  publisher={Hindawi}
}

@inproceedings{he2017neural,
  title={Neural collaborative filtering},
  author={He, Xiangnan and Liao, Lizi and Zhang, Hanwang and Nie, Liqiang and Hu, Xia and Chua, Tat-Seng},
  booktitle={Proceedings of the 26th International Conference on World Wide Web},
  pages={173--182},
  year={2017},
  organization={International World Wide Web Conferences Steering Committee}
}
@ARTICLE{Matrix2009,
author = {R. Bell and Y. Koren and C. Volinsky},
journal = {Computer},
title = {Matrix Factorization Techniques for Recommender Systems},
year = {2009},
volume = {42},
number = {},
pages = {30-37},
keywords={Computational intelligence; Netflix Prize; Matrix factorization},
doi = {10.1109/MC.2009.263},
url = {doi.ieeecomputersociety.org/10.1109/MC.2009.263},
ISSN = {0018-9162},
month={08}
}
